@article{Xarticle,
	author    = "default_author",
	title     = "default_title",
	journal   = "default_journal",
	year      = "1999",
}
@book{Xbook,
	author    = "default_author",
	title     = "default_title",
	publisher = "default_publisher_name",
	year      = "1999",
}
@article{formnyelvek, 
	author	= "Dr. Király Roland",
	title	= "Formális nyelvek és automaták",
	year 	= "2012",
	note	= "jegyzet",
}
@Xbook{adatszerkezetek_88,
	author = "Dr. Geda Gábor",
	title = "Adatszerkezetek és algoritmusok",
	year = "2013",
	note = "88. oldal"
}
@misc{proglanguages1,
	title = {cím},
	date = {2015},
	organization = {Youtube},
    howpublished = {\url{https://bootcamp.berkeley.edu/blog/most-in-demand-programming-languages/}},
	author = {szerző},
}
@misc{proglanguages2,
	title = {cím},
	date = {2015},
	organization = {Youtube},
	howpublished = {\url{https://www.hp.com/us-en/shop/tech-takes/computer-history-programming-languages}},
	author = {szerző},
}
@misc{langvid1,
	title = {cím},
	date = {2015},
	organization = {Youtube},
	author = {szerző},
	howpublished = {\url{https://www.youtube.com/watch?v=f9oFvg1YRaI}},
}
@misc{langvid2,
	title = {cím},
	date = {2015},
	organization = {Youtube},
	author = {szerző},
	howpublished = {\url{https://www.youtube.com/watch?v=Ian4sk4VcnA}}
}
@misc{cpplang1,
	title = {cím},
	date = {2015},
	organization = {Youtube},
	author = {szerző},
	howpublished = {\url{https://web.cs.elte.hu/linfo/Prog/Forditok/cpp/cpp.htm}}
}
@misc{clang1,
	title = {cím},
	date = {2015},
	organization = {Youtube},
	author = {szerző},
	howpublished = {\url{https://www.simplilearn.com/tutorials/c-tutorial/use-of-c-language}}
}